<record><leader>00000cas a2200000 a 4500</leader><controlfield tag="001">17006052</controlfield><controlfield tag="008">871119c19739999wauwr ne      0    0eng d</controlfield><datafield ind1=" " ind2=" " tag="010"><subfield code="a">sn 87093060 </subfield></datafield><datafield ind1=" " ind2=" " tag="040"><subfield code="a">SLZ</subfield><subfield code="b">eng</subfield><subfield code="c">SLZ</subfield><subfield code="d">OCL</subfield><subfield code="d">OCLCQ</subfield><subfield code="d">OCLCF</subfield><subfield code="d">OCLCO</subfield></datafield><datafield ind1="1" ind2=" " tag="029"><subfield code="a">AU@</subfield><subfield code="b">000025838334</subfield></datafield><datafield ind1=" " ind2=" " tag="042"><subfield code="a">msc</subfield></datafield><datafield ind1=" " ind2=" " tag="043"><subfield code="a">n-us-wa</subfield></datafield><datafield ind1="0" ind2="4" tag="245"><subfield code="a">The Ritzville Adams County Journal.</subfield></datafield><datafield ind1=" " ind2=" " tag="260"><subfield code="a">Ritzville, Wash. :</subfield><subfield code="b">Ritzville Adams County Journal</subfield></datafield><datafield ind1=" " ind2=" " tag="300"><subfield code="a">v.</subfield></datafield><datafield ind1=" " ind2=" " tag="310"><subfield code="a">Weekly</subfield></datafield><datafield ind1="0" ind2=" " tag="362"><subfield code="a">Vol. 74, no. 27 (July 5, 1973)-</subfield></datafield><datafield ind1=" " ind2="0" tag="651"><subfield code="a">Ritzville (Wash.)</subfield><subfield code="v">Newspapers.</subfield></datafield><datafield ind1=" " ind2="0" tag="651"><subfield code="a">Lind (Wash.)</subfield><subfield code="v">Newspapers.</subfield></datafield><datafield ind1=" " ind2="7" tag="655"><subfield code="a">Newspapers.</subfield><subfield code="2">fast</subfield><subfield code="0">(OCoLC)fst01423814</subfield></datafield><datafield ind1=" " ind2="7" tag="651"><subfield code="a">Washington (State)</subfield><subfield code="z">Lind.</subfield><subfield code="2">fast</subfield><subfield code="0">(OCoLC)fst01867545</subfield></datafield><datafield ind1=" " ind2="7" tag="651"><subfield code="a">Washington (State)</subfield><subfield code="z">Ritzville.</subfield><subfield code="2">fast</subfield><subfield code="0">(OCoLC)fst01233875</subfield></datafield><datafield ind1=" " ind2=" " tag="752"><subfield code="a">United States</subfield><subfield code="b">Washington</subfield><subfield code="c">Adams</subfield><subfield code="d">Ritzville.</subfield></datafield><datafield ind1=" " ind2=" " tag="752"><subfield code="a">United States</subfield><subfield code="b">Washington</subfield><subfield code="c">Adams</subfield><subfield code="d">Lind.</subfield></datafield><datafield ind1="0" ind2="0" tag="780"><subfield code="t">Ritzville journal-times</subfield><subfield code="w">(DLC)sn 87093061</subfield></datafield></record>